@article{gilbert2012evolutionary,
  title={Evolutionary tools for phytosanitary risk analysis: phylogenetic signal as a predictor of host range of plant pests and pathogens},
  author={Gilbert, Gregory S and Magarey, Roger and Suiter, Karl and Webb, Campbell O},
  journal={Evolutionary applications},
  volume={5},
  number={8},
  pages={869--878},
  year={2012},
  publisher={Wiley Online Library}
}
@article{robles2017combining,
  title={Combining phylogenetic and occurrence information for risk assessment of pest and pathogen interactions with host plants},
  author={Robles-Fern{\'a}ndez, {\'A}ngel L and Lira-Noriega, Andr{\'e}s},
  journal={Frontiers in Applied Mathematics and Statistics},
  volume={3},
  pages={17},
  year={2017},
  publisher={Frontiers}
}

@article{clark2017integrating,
  title={Integrating phylogenetic and ecological distances reveals new insights into parasite host specificity},
  author={Clark, Nicholas J and Clegg, Sonya M},
  journal={Molecular ecology},
  volume={26},
  number={11},
  pages={3074--3086},
  year={2017},
  publisher={Wiley Online Library}
}
@article{sotomayor2019insights,
  title={Insights into the Host Specificity of Mosquito-Borne Flaviviruses Infecting Wild Mammals},
  author={Sotomayor-Bonilla, Jes{\'u}s and Tols{\'a}-Garc{\'\i}a, Mar{\'\i}a Jos{\'e} and Garc{\'\i}a-Pe{\~n}a, Gabriel E and Santiago-Alarcon, Diego and Mendoza, Hugo and Alvarez-Mendizabal, Paulina and Rico-Ch{\'a}vez, Oscar and Sarmiento-Silva, Rosa Elena and Suz{\'a}n, Gerardo},
  journal={EcoHealth},
  volume={16},
  number={4},
  pages={726--733},
  year={2019},
  publisher={Springer}
}

@article{dattilo2020species,
  title={Species-level drivers of mammalian ectoparasite faunas},
  author={D{\'a}ttilo, Wesley and Barrozo-Ch{\'a}vez, Nathalia and Lira-Noriega, Andr{\'e}s and Guevara, Roger and Villalobos, Fabricio and Santiago-Alarcon, Diego and Neves, Frederico Siqueira and Izzo, Thiago and Ribeiro, S{\'e}rvio Pontes},
  journal={Journal of Animal Ecology},
  year={2020},
  publisher={Wiley Online Library}
}
@article{fecchio2019climate,
  title={Climate variation influences host specificity in avian malaria parasites},
  author={Fecchio, Alan and Wells, Konstans and Bell, Jeffrey A and Tkach, Vasyl V and Lutz, Holly L and Weckstein, Jason D and Clegg, Sonya M and Clark, Nicholas J},
  journal={Ecology letters},
  volume={22},
  number={3},
  pages={547--557},
  year={2019},
  publisher={Wiley Online Library}
}

@book{alpaydin2020introduction,
  title={Introduction to machine learning},
  author={Alpaydin, Ethem},
  year={2020},
  publisher={MIT press}
}
@book{lantz2019machine,
  title={Machine learning with R: expert techniques for predictive modeling},
  author={Lantz, Brett},
  year={2019},
  publisher={Packt Publishing Ltd}
}
@article{kuhn2008building,
  title={Building predictive models in R using the caret package},
  author={Kuhn, Max and others},
  journal={Journal of statistical software},
  volume={28},
  number={5},
  pages={1--26},
  year={2008}
}

@article{chen2014dbatvir,
  title={DBatVir: the database of bat-associated viruses},
  author={Chen, Lihong and Liu, Bo and Yang, Jian and Jin, Qi},
  journal={Database},
  volume={2014},
  year={2014},
  publisher={Narnia}
}

@book{sole2012self,
  title={Self-Organization in Complex Ecosystems.(MPB-42)},
  author={Sol{\'e}, Ricard and Bascompte, Jordi},
  volume={42},
  year={2012},
  publisher={Princeton University Press}
}
@book{may2007theoretical,
  title={Theoretical ecology: principles and applications},
  author={May, Robert and McLean, Angela R and others},
  year={2007},
  publisher={Oxford University Press on Demand}
}

@article{Karger2017chelsa,
author={Karger, Dirk Nikolaus
and Conrad, Olaf
and B{\"o}hner, J{\"u}rgen
and Kawohl, Tobias
and Kreft, Holger
and Soria-Auza, Rodrigo Wilber
and Zimmermann, Niklaus E.
and Linder, H. Peter
and Kessler, Michael},
title={Climatologies at high resolution for the earth's land surface areas},
journal={Scientific Data},
year={2017},
month={Sep},
day={05},
volume={4},
number={1},
pages={170122},
abstract={High-resolution information on climatic conditions is essential to many applications in environmental and ecological sciences. Here we present the CHELSA (Climatologies at high resolution for the earth's land surface areas) data of downscaled model output temperature and precipitation estimates of the ERA-Interim climatic reanalysis to a high resolution of 30{\thinspace}arc{\thinspace}sec. The temperature algorithm is based on statistical downscaling of atmospheric temperatures. The precipitation algorithm incorporates orographic predictors including wind fields, valley exposition, and boundary layer height, with a subsequent bias correction. The resulting data consist of a monthly temperature and precipitation climatology for the years 1979--2013. We compare the data derived from the CHELSA algorithm with other standard gridded products and station data from the Global Historical Climate Network. We compare the performance of the new climatologies in species distribution modelling and show that we can increase the accuracy of species range predictions. We further show that CHELSA climatological data has a similar accuracy as other products for temperature, but that its predictions of precipitation patterns are better.},
issn={2052-4463},
doi={10.1038/sdata.2017.122},
url={https://doi.org/10.1038/sdata.2017.122}
}

@article{upham2019inferring,
  title={Inferring the mammal tree: species-level sets of phylogenies for questions in ecology, evolution, and conservation},
  author={Upham, Nathan S and Esselstyn, Jacob A and Jetz, Walter},
  journal={PLoS biology},
  volume={17},
  number={12},
  pages={e3000494},
  year={2019},
  publisher={Public Library of Science San Francisco, CA USA}
}

@article{lefkowitz2018virus,
  title={Virus taxonomy: the database of the International Committee on Taxonomy of Viruses (ICTV)},
  author={Lefkowitz, Elliot J and Dempsey, Donald M and Hendrickson, Robert Curtis and Orton, Richard J and Siddell, Stuart G and Smith, Donald B},
  journal={Nucleic acids research},
  volume={46},
  number={D1},
  pages={D708--D717},
  year={2018},
  publisher={Oxford University Press}
}

@dataset{mammal_diversity_database_2022_5945626,
  author       = {Mammal Diversity Database},
  title        = {Mammal Diversity Database},
  month        = feb,
  year         = 2022,
  note         = {{This is a real-time upload of the MDD v.1.8 
                   taxonomy published 1 February 2022 on the
                   mammaldiversity.org website.}},
  publisher    = {Zenodo},
  version      = {1.8},
  doi          = {10.5281/zenodo.5945626},
  url          = {https://doi.org/10.5281/zenodo.5945626}
}

@article{poelen2014global,
  title={Global biotic interactions: An open infrastructure to share and analyze species-interaction datasets},
  author={Poelen, Jorrit H and Simons, James D and Mungall, Chris J},
  journal={Ecological Informatics},
  volume={24},
  pages={148--159},
  year={2014},
  publisher={Elsevier}
}